@article{sarda2017comparing,
  title={Comparing time-series clustering algorithms in r using the dtwclust package},
  author={Sard{\'a}-Espinosa, Alexis}
}

@inproceedings{cuturi2017soft,
  title={Soft-dtw: a differentiable loss function for time-series},
  author={Cuturi, Marco and Blondel, Mathieu},
  booktitle={International Conference on Machine Learning},
  pages={894--903},
  year={2017},
  organization={PMLR}
}

@article{sakoe1978dynamic,
  title={Dynamic programming algorithm optimization for spoken word recognition},
  author={Sakoe, Hiroaki and Chiba, Seibi},
  journal={IEEE transactions on acoustics, speech, and signal processing},
  volume={26},
  number={1},
  pages={43--49},
  year={1978},
  publisher={IEEE}
}

@inproceedings{dhillon2004kernel,
  title={Kernel k-means: spectral clustering and normalized cuts},
  author={Dhillon, Inderjit S and Guan, Yuqiang and Kulis, Brian},
  booktitle={Proceedings of the tenth ACM SIGKDD international conference on Knowledge discovery and data mining},
  pages={551--556},
  year={2004}
}

@inproceedings{cuturi2011fast,
  title={Fast global alignment kernels},
  author={Cuturi, Marco},
  booktitle={Proceedings of the 28th international conference on machine learning (ICML-11)},
  pages={929--936},
  year={2011}
}

@article{tavenard2020tslearn,
  title={Tslearn, a machine learning toolkit for time series data},
  author={Tavenard, Romain and Faouzi, Johann and Vandewiele, Gilles and Divo, Felix and Androz, Guillaume and Holtz, Chester and Payne, Marie and Yurchak, Roman and Ru{\ss}wurm, Marc and Kolar, Kushal and others},
  journal={Journal of Machine Learning Research},
  volume={21},
  number={118},
  pages={1--6},
  year={2020}
}

@inproceedings{blondel2021differentiable,
  title={Differentiable divergences between time series},
  author={Blondel, Mathieu and Mensch, Arthur and Vert, Jean-Philippe},
  booktitle={International Conference on Artificial Intelligence and Statistics},
  pages={3853--3861},
  year={2021},
  organization={PMLR}
}

@article{cuturi2009positive,
  title={Positive definite kernels in machine learning},
  author={Cuturi, Marco},
  journal={arXiv preprint arXiv:0911.5367},
  year={2009}
}

@inproceedings{janati2020spatio,
  title={Spatio-Temporal Alignments: Optimal transport through space and time},
  author={Janati, Hicham and Cuturi, Marco and Gramfort, Alexandre},
  booktitle={International Conference on Artificial Intelligence and Statistics},
  pages={1695--1704},
  year={2020},
  organization={PMLR}
}

@article{treiber2014traffic,
  title={Traffic flow dynamics: data, models and simulation},
  author={Treiber, Martin and Kesting, Arne},
  journal={Physics Today},
  volume={67},
  number={3},
  pages={54},
  year={2014}
}

@article{pedregosa2011scikit,
  title={Scikit-learn: Machine learning in Python},
  author={Pedregosa, Fabian and Varoquaux, Ga{\"e}l and Gramfort, Alexandre and Michel, Vincent and Thirion, Bertrand and Grisel, Olivier and Blondel, Mathieu and Prettenhofer, Peter and Weiss, Ron and Dubourg, Vincent and others},
  journal={the Journal of machine Learning research},
  volume={12},
  pages={2825--2830},
  year={2011},
  publisher={JMLR. org}
}









